
@article{menesidou2017cryptographic,
  title={Cryptographic Key Management in Delay Tolerant Networks: A Survey},
  author={Menesidou, Sofia Anna and Katos, Vasilios and Kambourakis, Georgios},
  journal={Future Internet},
  volume={9},
  number={3},
  pages={26},
  year={2017},
  publisher={Multidisciplinary Digital Publishing Institute}
}

@article{rationale2010requirements,
  title={Requirements for DTN in Space},
  author={Rationale, Scenarios},
  journal={CCSDS Draft Green Book (March 2010)},
  institution={Tech. rep., The Consultative Committee for Space Data Systems},
  year={2010}
}


@misc{cerf2007delay,
	series =	{Request for Comments},
	number =	4838,
	publisher =	{RFC Editor},
	url =		{https://rfc-editor.org/rfc/rfc4838.txt},
    author =	{Leigh Torgerson and Scott C. Burleigh and Howard Weiss and Adrian J. Hooke and Kevin Fall and Dr. Vinton G. Cerf and Keith Scott and Robert C. Durst},
	title =		{{Delay-Tolerant Networking Architecture}},
	year =		2007
}

@techreport{scott2007bundle,
  title={Bundle protocol specification},
  author={Scott, Keith and Burleigh, Scott},
  year={2007}
}

@article{burleigh2003delay,
  title={Delay-tolerant networking: an approach to interplanetary internet},
  author={Burleigh, Scott and Hooke, Adrian and Torgerson, Leigh and Fall, Kevin and Cerf, Vint and Durst, Bob and Scott, Keith and Weiss, Howard},
  journal={IEEE Communications Magazine},
  volume={41},
  number={6},
  pages={128--136},
  year={2003},
  publisher={IEEE}
}

@article{standard2010ccsds,
  title={CCSDS Bundle Protocol Specification},
  author={Standard, Draft Recommended and Book, Red},
  institution={Tech. rep., The Consultative Committee for Space Data Systems},
  year={2010}
}

@techreport{book2011space,
  title={Space Missions Key Management Concept},
  author={Book, Draft Green},
  year={2011},
  institution={Tech. rep., The Consultative Committee for Space Data Systems}
}

@inproceedings{fall2003delay,
  title={A delay-tolerant network architecture for challenged internets},
  author={Fall, Kevin},
  booktitle={Proceedings of the 2003 conference on Applications, technologies, architectures, and protocols for computer communications},
  pages={27--34},
  year={2003},
  organization={ACM}
}

  
@misc{rfc5050,
	series =	{Request for Comments},
	number =	5050,
	howpublished =	{RFC 5050},
	publisher =	{RFC Editor},
	url =		{https://rfc-editor.org/rfc/rfc5050.txt},
    author =	{Keith Scott and Scott C. Burleigh},
	title =		{{Bundle Protocol Specification}},
	pagetotal =	50,
	year =		2007}
  
  
@misc{rfc6257,
	series =	{Request for Comments},
	number =	6257,
	howpublished =	{RFC 6257},
	publisher =	{RFC Editor},
	url =		{https://rfc-editor.org/rfc/rfc6257.txt},
    author =	{Stephen Farrell and Howard Weiss and Susan Symington and Peter Lovell},
	title =		{{Bundle Security Protocol Specification}},
	year =		2011}
  
  
@techreport{ietf-dtn-bpsec-07,
	number =	{draft-ietf-dtn-bpsec-07},
	type =		{Internet-Draft},
	publisher =	{Internet Engineering Task Force},
	note =		{Work in Progress},
	url =		{https://datatracker.ietf.org/doc/html/draft-ietf-dtn-bpsec-07},
    author =	{Edward J. Birrane and Kenneth McKeever},
	title =		{{Bundle Protocol Security Specification}}
	}
	
@article{book2006security,
  title={Security Threats against Space Missions},
  author={Book, Green},
  institution={Tech. rep., The Consultative Committee for Space Data Systems},
  year={2006}
}

@article{ivancic2009security,
  title={Security analysis of DTN architecture and bundle protocol specification for space-based networks},
  author={Ivancic, William D},
  year={2009}
}

@article{book2012architecture,
  title={Security architecture for Space Data Systems},
  author={Book, Magenta},
  institution={Tech. rep., The Consultative Committee for Space Data Systems},
  year={2012}
}

@article{burleigh2003interplanetary,
  title={The InterPlaNetary Internet: a communications infrastructure for Mars exploration},
  author={Burleigh, Scott and Cerf, Vinton and Durst, Robert and Fall, Kevin and Hooke, Adrian and Scott, Keith and Weiss, Howard},
  journal={Acta astronautica},
  volume={53},
  number={4-10},
  pages={365--373},
  year={2003},
  publisher={Elsevier}
}

@techreport{ietf-dtn-bibect-00,
	type =		{Internet-Draft},
	institution =	{Internet Engineering Task Force},
	publisher =	{Internet Engineering Task Force},
	note =		{Work in Progress},
	url =		{https://datatracker.ietf.org/doc/html/draft-ietf-dtn-bibect-00},
    author =	{Scott C. Burleigh},
	title =		{{Bundle-in-Bundle Encapsulation}},
	year =		2018,
}

@techreport{burleigh-dtnwg-dtka-01,
	type =		{Internet-Draft},
	institution =	{Internet Engineering Task Force},
	publisher =	{Internet Engineering Task Force},
	note =		{Work in Progress},
	url =		{https://datatracker.ietf.org/doc/html/draft-burleigh-dtnwg-dtka-01},
    author =	{Scott C. Burleigh and David Horres and Kapali Viswanathan and michael.w.benson@boeing.com and Fred Templin},
	title =		{{Architecture for Delay-Tolerant Key Administration}},
	year =		2018,
}

@techreport{birrane-dtn-adm-ltp-00,
	type =		{Internet-Draft},
	institution =	{Internet Engineering Task Force},
	publisher =	{Internet Engineering Task Force},
	note =		{Work in Progress},
	url =		{https://datatracker.ietf.org/doc/html/draft-birrane-dtn-adm-ltp-00},
    author =	{Edward J. Birrane and Evana DiPietro and David Linko},
	title =		{{Licklider Transmission Protocol Agent Application Data Model}},
	year =		2018,
}

@article{crisp2003mars,
  title={Mars exploration rover mission},
  author={Crisp, Joy A and Adler, Mark and Matijevic, Jacob R and Squyres, Steven W and Arvidson, Raymond E and Kass, David M},
  journal={Journal of Geophysical Research: Planets},
  volume={108},
  number={E12},
  year={2003},
  publisher={Wiley Online Library}
}

@article{menesidou2016automated,
  title={Automated key exchange protocol evaluation in delay tolerant networks},
  author={Menesidou, Sofia Anna and Vardalis, Dimitrios and Katos, Vasilios},
  journal={Computers \& Security},
  volume={59},
  pages={1--8},
  year={2016},
  publisher={Elsevier}
}

@techreport{templin-dtnskmps-00,
	type =		{Internet-Draft},
	institution =	{Internet Engineering Task Force},
	publisher =	{Internet Engineering Task Force}, 
	url =		{https://datatracker.ietf.org/doc/html/draft-templin-dtnskmps-00},
    author =	{Fred Templin},
	title =		{{Delay Tolerant Networking Security Key Management - Problem Statement}},
	year =		2014,
}

@techreport{farrell-dtnrg-km-00,
	type =		{Internet-Draft},
	institution =	{Internet Engineering Task Force},
	publisher =	{Internet Engineering Task Force},
	url =		{https://datatracker.ietf.org/doc/html/draft-farrell-dtnrg-km-00},
    author =	{Stephen Farrell},
	title =		{{DTN Key Management Requirements}},
	year =		2007,
}

@techreport{templin-dtnskmreq-00,
	type =		{Internet-Draft},
	institution =	{Internet Engineering Task Force},
	publisher =	{Internet Engineering Task Force},
	url =		{https://datatracker.ietf.org/doc/html/draft-templin-dtnskmreq-00},
    author =	{Fred Templin and Scott C. Burleigh},
	title =		{{DTN Security Key Management - Requirements and Design}},
	year =		2015,
}

@techreport{viswanathan-dtn-pkdn-00,
	type =		{Internet-Draft},
	institution =	{Internet Engineering Task Force},
	publisher =	{Internet Engineering Task Force},
	note =		{Work in Progress},
	url =		{https://datatracker.ietf.org/doc/html/draft-viswanathan-dtn-pkdn-00},
    author =	{Kapali Viswanathan and Fred Templin},
	title =		{{Architecture for a Delay-and-Disruption Tolerant Public-Key Distribution Network (PKDN)}},
	year =		2016,
}

@misc{martineveryday,
  title={Everyday Cryptography Fundemental Principles and Applications (2012)},
  author={Martin, Keith M},
  publisher={Oxford University Press}
}

@techreport{irtf-dtnrg-sec-overview-06,
	type =		{Internet-Draft},
	institution =	{Internet Engineering Task Force},
	publisher =	{Internet Engineering Task Force},
	url =		{https://datatracker.ietf.org/doc/html/draft-irtf-dtnrg-sec-overview-06},
    author =	{Stephen Farrell and Susan Symington and Howard Weiss and Peter Lovell},
	title =		{{Delay-Tolerant Networking Security Overview}},
	year =		2009
}

@article{asokan2007towards,
  title={Towards securing disruption-tolerant networking},
  author={Asokan, N and Kostiainen, Kari and Ginzboorg, Philip and Ott, Jorg and Luo, Cheng},
  journal={Nokia Research Center, Tech. Rep. NRC-TR-2007-007},
  year={2007}
}

@article{araniti2015contact,
  title={Contact graph routing in DTN space networks: overview, enhancements and performance},
  author={Araniti, Giuseppe and Bezirgiannidis, Nikolaos and Birrane, Edward and Bisio, Igor and Burleigh, Scott and Caini, Carlo and Feldmann, Marius and Marchese, Mario and Segui, John and Suzuki, Kiyohisa},
  journal={IEEE Communications Magazine},
  volume={53},
  number={3},
  pages={38--46},
  year={2015},
  publisher={IEEE}
}

@article{ivancic2010experience,
  title={Experience with delay-tolerant networking from orbit},
  author={Ivancic, Will and Eddy, Wesley M and Stewart, Dave and Wood, Lloyd and Northam, James and Jackson, Chris},
  journal={International Journal of Satellite Communications and Networking},
  volume={28},
  number={5-6},
  pages={335--351},
  year={2010},
  publisher={Wiley Online Library}
}


@article{xie2013practical,
  title={Practical distributed secret key generation for delay tolerant networks},
  author={Xie, Yongming and Wang, Guojun},
  journal={Concurrency and Computation: Practice and Experience},
  volume={25},
  number={14},
  pages={2067--2079},
  year={2013},
  publisher={Wiley Online Library}
}

@inproceedings{seth2005practical,
  title={Practical security for disconnected nodes},
  author={Seth, Aaditeshwar and Keshav, Srinivasan},
  booktitle={Secure Network Protocols, 2005.(NPSec). 1st IEEE ICNP Workshop on},
  pages={31--36},
  year={2005},
  organization={IEEE}
}

@inproceedings{kate2007anonymity,
  title={Anonymity and security in delay tolerant networks.},
  author={Kate, Aniket and Zaverucha, Gregory M and Hengartner, Urs},
  booktitle={SecureComm},
  volume={7},
  pages={504--513},
  year={2007},
  organization={Citeseer}
}

@inproceedings{xu2012chinese,
  title={Chinese Remainder Theorem based DTN group key management},
  author={Xu, Guoyu and Chen, Xingyuan and Du, Xuehui},
  booktitle={Communication Technology (ICCT), 2012 IEEE 14th International Conference on},
  pages={779--783},
  year={2012},
  organization={IEEE}
}

@article{camtepe2005key,
  title={Key distribution mechanisms for wireless sensor networks: a survey},
  author={Camtepe, Seyit A and Yener, Bulent},
  journal={Rensselaer Polytechnic Institute, Troy, New York, Technical Report},
  pages={05--07},
  year={2005}
}

@article{zhou2014autonomic,
  title={Autonomic group key management in deep space DTN},
  author={Zhou, Jian and Song, Meina and Song, Junde and Zhou, Xian-Wei and Sun, Liyan},
  journal={Wireless personal communications},
  volume={77},
  number={1},
  pages={269--287},
  year={2014},
  publisher={Springer}
}


@inproceedings{van2010dynamic,
  title={Dynamic, non-interactive key management for the bundle protocol},
  author={Van Besien, William L},
  booktitle={Proceedings of the 5th ACM workshop on Challenged networks},
  pages={75--78},
  year={2010},
  organization={ACM}
}

@article{jadhav2015secure,
  title={Secure key establishment for bundle security protocol of space DTNs in noninteractive manner},
  author={Jadhav, C and Dhainje, B and Pradeep, K},
  journal={Int. J. Comput. Sci. Inf. Technol},
  volume={6},
  pages={944--946},
  year={2015},
  publisher={Citeseer}
}

@article{lv2014non,
  title={Non-interactive key establishment for bundle security protocol of space DTNs},
  author={Lv, Xixiang and Mu, Yi and Li, Hui},
  journal={IEEE transactions on information forensics and security},
  volume={9},
  number={1},
  pages={5--13},
  year={2014},
  publisher={IEEE}
}



@inproceedings{menesidou2012authenticated,
  title={Authenticated key exchange (ake) in delay tolerant networks},
  author={Menesidou, Sofia Anna and Katos, Vasilios},
  booktitle={IFIP International Information Security Conference},
  pages={49--60},
  year={2012},
  organization={Springer}
}

@article{menesidou2017opportunistic,
  title={Opportunistic key management in delay tolerant networks},
  author={Menesidou, Sofia Anna and Katos, Vasilios},
  journal={International Journal of Information and Computer Security},
  volume={9},
  number={3},
  pages={212--228},
  year={2017},
  publisher={Inderscience Publishers (IEL)}
}

@article{caini2011delay,
  title={Delay-and disruption-tolerant networking (DTN): an alternative solution for future satellite networking applications},
  author={Caini, Carlo and Cruickshank, Haitham and Farrell, Stephen and Marchese, Mario},
  journal={Proceedings of the IEEE},
  volume={99},
  number={11},
  pages={1980--1997},
  year={2011},
  publisher={IEEE}
}

@article{bhutta2014efficient,
  title={An efficient, scalable key transport scheme (ESKTS) for delay/disruption tolerant networks},
  author={Bhutta, Muhammad Nasir Mumtaz and Cruickshank, Haitham S and Sun, Zhili},
  journal={Wireless networks},
  volume={20},
  number={6},
  pages={1597--1609},
  year={2014},
  publisher={Springer}
}

@inproceedings{rusch2017forward,
  title={Forward Secure Delay-Tolerant Networking},
  author={R{\"u}sch, Signe and Sch{\"u}rmann, Dominik and Kapitza, R{\"u}diger and Wolf, Lars},
  booktitle={Proceedings of the 12th Workshop on Challenged Networks},
  pages={7--12},
  year={2017},
  organization={ACM}
}


@inproceedings{al2003certificateless,
  title={Certificateless public key cryptography},
  author={Al-Riyami, Sattam S and Paterson, Kenneth G},
  booktitle={International Conference on the Theory and Application of Cryptology and Information Security},
  pages={452--473},
  year={2003},
  organization={Springer}
}

@inproceedings{de2016fully,
  title={Fully Distributed Public Key Management through Digital Signature Chains for Delay and Disrupt Tolerant Networks},
  author={de Andrade, Diogo and Albini, Luiz Carlos Pessoa},
  booktitle={Mobile Ad Hoc and Sensor Systems (MASS), 2016 IEEE 13th International Conference on},
  pages={316--324},
  year={2016},
  organization={IEEE}
}

@article{weber2006transforming,
  title={Transforming the deep space network into the interplanetary network},
  author={Weber, William J and Cesarone, Robert J and Abraham, Douglas S and Doms, Peter E and Doyle, Richard J and Edwards, Charles D and Hooke, Adrian J and Lesh, James R and Miller, Richard B},
  journal={Acta Astronautica},
  volume={58},
  number={8},
  pages={411--421},
  year={2006},
  publisher={Elsevier}
}

@inproceedings{jiang2008survey,
  title={A survey of group key management},
  author={Jiang, Bibo and Hu, Xiulin},
  booktitle={Computer Science and Software Engineering, 2008 International Conference on},
  volume={3},
  pages={994--1002},
  year={2008},
  organization={IEEE}
}

@misc{micali2008efficient,
  title={Efficient certificate revocation},
  author={Micali, Silvio},
  year={2008},
  month=feb # "~26",
  publisher={Google Patents},
  note={US Patent 7,337,315}
}

@article{bhutta2016public,
  title={Public-key infrastructure validation and revocation mechanism suitable for delay/disruption tolerant networks},
  author={Bhutta, Muhammad Nasir Mumtaz and Cruickshank, Haitham and Sun, Zhili},
  journal={IET Information Security},
  volume={11},
  number={1},
  pages={16--22},
  year={2016},
  publisher={IET}
}

@inproceedings{adams2004pki,
  title={PKI: Ten years later},
  author={Adams, Carlisle and Just, Mike},
  booktitle={3rd Annual PKI R\&D Workshop},
  pages={69--84},
  year={2004},
  organization={Citeseer}
}

@article{gutmann2002pki,
  title={PKI: it's not dead, just resting},
  author={Gutmann, Peter},
  journal={Computer},
  volume={35},
  number={8},
  pages={41--49},
  year={2002},
  publisher={IEEE}
}

@book{moltz2011politics,
  title={The politics of space security: strategic restraint and the pursuit of national interests},
  author={Moltz, James},
  year={2011},
  publisher={Stanford University Press}
}

@mastersthesis{costantini2014international,
  title={International Scientific Cooperation},
  author={Costantini, Mattia},
  type={{B.S.} thesis},
  year={2014},
  school={Universit{\`a} Ca'Foscari Venezia}
}

@misc{ireland1967treaty,
  title={Treaty on principles governing the activities of states in the exploration and use of outer space, including the moon and other celestial bodies},
  author={Ireland, Northern},
  year={1967}
}

@techreport{birrane-dtn-adm-agent-04,
	type =		{Internet-Draft},
	institution =	{Internet Engineering Task Force},
	publisher =	{Internet Engineering Task Force},
	note =		{Work in Progress},
	url =		{https://datatracker.ietf.org/doc/html/draft-birrane-dtn-adm-agent-04},
    author =	{Edward J. Birrane and Evana DiPietro and David Linko},
	title =		{{Asynchronous Management Protocol Agent Application Data Model}},
	year =		2018,
}